@book{intro,
    author = {McDuff, Dusa and Salamon, Dietmar},
    title = {Introduction to Symplectic Topology},
    publisher = {Oxford University Press},
    year = {2017},
    month = {03},
    isbn = {9780198794899},
    doi = {10.1093/oso/9780198794899.001.0001},
    url = {https://doi.org/10.1093/oso/9780198794899.001.0001},
}


